@online{beginnersbook,
    author = {Begginers book},
    title = {Quicksort program in c},
    url  = {https://beginnersbook.com/2015/02/quicksort-program-in-c/}
}

@online{qastack,
    author = {QAStack},
    title = {Haskell minimalist quicksort},
    url  = {https://qastack.com.br/programming/7717691/why-is-the-minimalist-example-haskell-quicksort-not-a-true-quicksort}
}